h18375
s 00014/00006/00088
d D 1.3 95/12/16 20:32:14 dmg 3 2
c Version 0.25
e
s 00094/00000/00000
d D 1.2 95/12/03 02:14:52 dmg 2 1
c Version 0.2 (Dic. 2, 1995)
e
s 00000/00000/00000
d D 1.1 95/12/03 02:13:36 dmg 1 0
c date and time created 95/12/03 02:13:36 by dmg
e
u
U
t
T
I 2
@Book{Mulherin,
D 3
  author =       "Mulherin, Jennifer",
E 3
I 3
  author =       "Mulherin, J.",
E 3
  title =        "Spices \& Natural Flavourings",
  publisher =    "Tiger",
  year =         "1988",
}


@Book{Pruthi,
  author = 	"Pruthi, J. S. ",
  title = 	"Spices and Condimentes. Chemistry, microbiology, technology",
  publisher = 	"Academic Press",
  year = 	1980,
}

@Book{Webster,
  author = 	"",
  title = 	"Webster Dictionary",
  publisher = 	"Webster",
  year = 	1994,
}

@Book{Purseglove-1,
D 3
  author = 	"{Purseglove, J.W} {Brown. E.G.} {Green C.L.} {Robbins S.R.J}",
E 3
I 3
  author = 	"Purseglove, J.W. and Brown, E.G. and Green, C.L. and Robbins, S.R.J",
E 3
  title = 	"Spices, Volume 1",
  publisher = 	"Longman",
  year = 	1981,
}

@Misc{sanmames,
D 3
  author = 	"{San Mames, Juan $<$VMPK89A@prodigy.com$>$}" ,
E 3
I 3
  author = 	"{San Mames, J. $<$VMPK89A@prodigy.com$>$}" ,
E 3
  title = 	"{USENET Article}",
  howpublished = "in rec.food.cooking",
  year = 	1995,
  month = 	feb,
}



@Misc{ashall,
D 3
  author = 	"Hall, Andrew S.  $<$ashall@magnus.acs.ohio-state.edu$>$",
E 3
I 3
  author = 	"{Hall, Andrew S.  $<$ashall@magnus.acs.ohio\-state.edu$>$}",
E 3
  title = 	"{USENET} Article",
  howpublished = 	"in rec.food.cooking",
  year = 	"1995",
  month = 	nov,
}

@Misc{bruce,
  author = 	"{Steinberg, Bruce $<$bruces@sco.com$>$}" ,
  title = 	"{USENET Article}",
  howpublished = "in rec.food.cooking",
  year = 	1995,
  month = 	feb,
}

@Misc{Andy,
  author = 	"{Pforzheimer, Andy $<$apforz@pfood.win.net$>$}" ,
  title = 	"Personal communication",
  year = 	1995,
  month = 	nov,
}

@Book{Purseglove-2,
D 3
  author = 	"{Purseglove, J.W} {Brown. E.G.} {Green C.L.} {Robbins S.R.J}",
E 3
I 3
  author = 	"Purseglove, J.W. and Brown, E.G. and Green, C.L. and Robbins, S.R.J",
E 3
  title = 	"Spices,  Volume 2",
  publisher = 	"Longman",
  year = 	1981,
}

@Article{merory-56,
  author = 	"Merory, J",
  title = 	"40 \% more flavour in improved vanilla process",
  journal = 	"Food End.",
  year = 	1956,
  month = 	May,
}


@Book{patricia-rain,
D 3
   author = "Rain, Patricia",
E 3
I 3
   author = "Rain, P.",
E 3
   title   = "The Vanilla Cookbook",
   publisher = "",
}

@Article{Subra,
  author = 	"Subrahmanyan, V. and Krishnamurthy, K. and Swaminathan, M.",
  title = 	"The effect of garlic in certain intestinal bacteria",
  journal = 	"{Food Sci.}",
  year = 	"1958",
  volume = 	"7",
  number = 	"223",
  note = 	"as cited in \cite{Pruthi}",
I 3
}

@Book{oed,
  author = 	"",
  title = 	"Oxford English Dictionary",
  edition =     "2nd",
  publisher = 	"Oxford University Press",
  year = 	1989,
E 3
}

E 2
I 1
E 1
