@Book{tecnicas,
  author =       "{Luisa de Calderón}",
  title =        "Técnicas de la Alta Cocina",
  publisher =    "Edamex",
  note =         "incluídas con permiso de su hijo Salvador Calderón",
  year =         "1979",
  address =      "México, D.F. México", 
}
