@Book{Mulherin,
  author =       "Mulherin, J.",
  title =        "Spices \& Natural Flavourings",
  publisher =    "Tiger",
  year =         "1988",
}

@Book{herbs,
  title =        "The Illustrated Encyclopedia of Herbs",
  publisher =    "Chancellor Press",
  editor  =      "Sara Bunney",
  year =         "1984",
}

@Book{Pruthi,
  author = 	"Pruthi, J. S. ",
  title = 	"Spices and Condimentes. Chemistry, microbiology, technology",
  publisher = 	"Academic Press",
  year = 	1980,
}

@Book{Webster,
  author = 	"",
  title = 	"Webster Dictionary",
  publisher = 	"Webster",
  year = 	1994,
}

@Book{Purseglove-1,
  author = 	"Purseglove, J.W. and Brown, E.G. and Green, C.L. and Robbins, S.R.J",
  title = 	"Spices, Volume 1",
  publisher = 	"Longman",
  year = 	1981,
}

@Misc{sanmames,
  author = 	"{San Mames, J. $<$VMPK89A@prodigy.com$>$}" ,
  title = 	"{USENET Article}",
  howpublished = "in rec.food.cooking",
  year = 	1995,
  month = 	feb,
}



@Misc{ashall,
  author = 	"{Hall, Andrew S.  $<$ashall@magnus.acs.ohio\-state.edu$>$}",
  title = 	"{USENET} Article",
  howpublished = 	"in rec.food.cooking",
  year = 	"1995",
  month = 	nov,
}

@Misc{bruce,
  author = 	"{Steinberg, Bruce $<$bruces@sco.com$>$}" ,
  title = 	"{USENET Article}",
  howpublished = "in rec.food.cooking",
  year = 	1995,
  month = 	feb,
}

@Misc{Andy,
  author = 	"{Pforzheimer, Andy $<$apforz@pfood.win.net$>$}" ,
  title = 	"Personal communication",
  year = 	1995,
  month = 	nov,
}

@Book{Purseglove-2,
  author = 	"Purseglove, J.W. and Brown, E.G. and Green, C.L. and Robbins, S.R.J",
  title = 	"Spices,  Volume 2",
  publisher = 	"Longman",
  year = 	1981,
}

@Article{merory-56,
  author = 	"Merory, J",
  title = 	"40 \% more flavour in improved vanilla process",
  journal = 	"Food End.",
  year = 	1956,
  month = 	May,
}


@Book{patricia-rain,
   author = "Rain, P.",
   title   = "The Vanilla Cookbook",
   publisher = "",
}

@Article{Subra,
  author = 	"Subrahmanyan, V. and Krishnamurthy, K. and Swaminathan, M.",
  title = 	"The effect of garlic in certain intestinal bacteria",
  journal = 	"{Food Sci.}",
  year = 	"1958",
  volume = 	"7",
  number = 	"223",
  note = 	"as cited in \cite{Pruthi}",
}

@Book{oed,
  author = 	"",
  title = 	"Oxford English Dictionary",
  edition =     "2nd",
  publisher = 	"Oxford University Press",
  year = 	1989,
}

